@book{anderson_bowden_2022, 
    place={New York, NY}, 
    edition={9}, 
    title={Introduction to Flight}, 
    publisher={McGraw-Hill LLC}, 
    author={Anderson, John D. and Bowden, Mary L.}, 
    year={2022}
}

@misc{britannica_2023, 
    title={Simple Harmonic Motion}, 
    url={https://www.britannica.com/science/reduced-mass}, 
    journal={Encyclopædia Britannica}, 
    publisher={Encyclopædia Britannica, inc.}, 
    author={Britannica, The Editors of Encyclopaedia}, 
    year={2023}, 
    month={Jan}
}

@article{jovanović_simonovic_lukić_zorić_stup_ilić_2014, 
    title={Experimental Determination of Active Structure Damping Ratio Using Different Control Strategies in System of Active Vibration Control}, 
    journal={6th International Scientific Conference on Defensive Technologies}, 
    author={Jovanović, Miroslav M and Simonovic, Aleksandar M and Lukić, Nebojša and Zorić, Nemanja  D and Stup, Slobodan and Ilić, Slobodan},
    year={2014}
} 

@misc{miller_mattuck, 
    title={Natural Frequency and Damping Ratio}, 
    url={https://math.mit.edu/classes/18.03/sup/sup15.pdf}, 
    journal={MIT Open Courseware}, 
    author={Miller, Haynes and Mattuck, Arthur}
} 

@misc{lacayo_2021, 
    title={The Best Wood Types To Use For Wooden Aircraft Models}, url={https://www.tesautmodels.com/blogs/news/the-best-wood-types-to-use-for-wooden-aircraft-models}, 
    journal={Tesaut Models}, 
    publisher={Tesaut Models}, 
    author={Lacayo, Ricardo}, 
    year={2021}, 
    month={Nov}
} 

@misc{hallauer_2022, 
    title={9.5: Calculation of Viscous Damping Ratio}, 
    url={https://eng.libretexts.org/Bookshelves/Electrical_Engineering/Signal_Processing_and_Modeling/Introduction_to_Linear_Time-Invariant_Dynamic_Systems_for_Students_of_Engineering_(Hallauer)/09\%3A_Damped_Second_Order_Systems/9.05\%3A_Calculation_of_Viscous_Damping_Ratio}, 
    journal={Engineering LibreTexts}, 
    publisher={Libretexts}, 
    author={Hallauer, William L.}, 
    year={2022}, 
    month={May}
} 